@ARTICLE{Luger2021,
       author = { {Luger}, Rodrigo and {Bedell}, Megan and {Foreman-Mackey}, Daniel and {Crossfield}, Ian J.~M. and {Zhao}, Lily L. and {Hogg}, David W.},
        title = "{Mapping stellar surfaces III: An Efficient, Scalable, and Open-Source Doppler Imaging Model}",
      journal = {arXiv e-prints},
     keywords = {Astrophysics - Solar and Stellar Astrophysics, Astrophysics - Earth and Planetary Astrophysics, Astrophysics - Instrumentation and Methods for Astrophysics},
         year = 2021,
        month = oct,
          eid = {arXiv:2110.06271},
        pages = {arXiv:2110.06271},
archivePrefix = {arXiv},
       eprint = {2110.06271},
 primaryClass = {astro-ph.SR},
       adsurl = {https://ui.adsabs.harvard.edu/abs/2021arXiv211006271L},
      adsnote = {Provided by the SAO/NASA Astrophysics Data System}
}
@ARTICLE{2011Sci...333.1602D,
       author = {{Doyle}, Laurance R. and {Carter}, Joshua A. and {Fabrycky}, Daniel C. and {Slawson}, Robert W. and {Howell}, Steve B. and {Winn}, Joshua N. and {Orosz}, Jerome A. and {P{\v{r}}sa}, Andrej and {Welsh}, William F. and {Quinn}, Samuel N. and {Latham}, David and {Torres}, Guillermo and {Buchhave}, Lars A. and {Marcy}, Geoffrey W. and {Fortney}, Jonathan J. and {Shporer}, Avi and {Ford}, Eric B. and {Lissauer}, Jack J. and {Ragozzine}, Darin and {Rucker}, Michael and {Batalha}, Natalie and {Jenkins}, Jon M. and {Borucki}, William J. and {Koch}, David and {Middour}, Christopher K. and {Hall}, Jennifer R. and {McCauliff}, Sean and {Fanelli}, Michael N. and {Quintana}, Elisa V. and {Holman}, Matthew J. and {Caldwell}, Douglas A. and {Still}, Martin and {Stefanik}, Robert P. and {Brown}, Warren R. and {Esquerdo}, Gilbert A. and {Tang}, Sumin and {Furesz}, Gabor and {Geary}, John C. and {Berlind}, Perry and {Calkins}, Michael L. and {Short}, Donald R. and {Steffen}, Jason H. and {Sasselov}, Dimitar and {Dunham}, Edward W. and {Cochran}, William D. and {Boss}, Alan and {Haas}, Michael R. and {Buzasi}, Derek and {Fischer}, Debra},
        title = "{Kepler-16: A Transiting Circumbinary Planet}",
      journal = {Science},
     keywords = {ASTRONOMY, Astrophysics - Earth and Planetary Astrophysics},
         year = 2011,
        month = sep,
       volume = {333},
       number = {6049},
        pages = {1602},
          doi = {10.1126/science.1210923},
archivePrefix = {arXiv},
       eprint = {1109.3432},
 primaryClass = {astro-ph.EP},
       adsurl = {https://ui.adsabs.harvard.edu/abs/2011Sci...333.1602D},
      adsnote = {Provided by the SAO/NASA Astrophysics Data System}
}
@ARTICLE{2012ApJ...758...87O,
       author = {{Orosz}, Jerome A. and {Welsh}, William F. and {Carter}, Joshua A. and {Brugamyer}, Erik and {Buchhave}, Lars A. and {Cochran}, William D. and {Endl}, Michael and {Ford}, Eric B. and {MacQueen}, Phillip and {Short}, Donald R. and {Torres}, Guillermo and {Windmiller}, Gur and {Agol}, Eric and {Barclay}, Thomas and {Caldwell}, Douglas A. and {Clarke}, Bruce D. and {Doyle}, Laurance R. and {Fabrycky}, Daniel C. and {Geary}, John C. and {Haghighipour}, Nader and {Holman}, Matthew J. and {Ibrahim}, Khadeejah A. and {Jenkins}, Jon M. and {Kinemuchi}, Karen and {Li}, Jie and {Lissauer}, Jack J. and {Pr{\v{s}}a}, Andrej and {Ragozzine}, Darin and {Shporer}, Avi and {Still}, Martin and {Wade}, Richard A.},
        title = "{The Neptune-sized Circumbinary Planet Kepler-38b}",
      journal = {\apj},
     keywords = {binaries: eclipsing, planets and satellites: detection, planets and satellites: fundamental parameters, planets and satellites: individual: Kepler-38b, stars: fundamental parameters, Astrophysics - Solar and Stellar Astrophysics, Astrophysics - Earth and Planetary Astrophysics},
         year = 2012,
        month = oct,
       volume = {758},
       number = {2},
          eid = {87},
        pages = {87},
          doi = {10.1088/0004-637X/758/2/87},
archivePrefix = {arXiv},
       eprint = {1208.3712},
 primaryClass = {astro-ph.SR},
       adsurl = {https://ui.adsabs.harvard.edu/abs/2012ApJ...758...87O},
      adsnote = {Provided by the SAO/NASA Astrophysics Data System}
}
@ARTICLE{2012Natur.481..475W,
       author = {{Welsh}, William F. and {Orosz}, Jerome A. and {Carter}, Joshua A. and {Fabrycky}, Daniel C. and {Ford}, Eric B. and {Lissauer}, Jack J. and {Pr{\v{s}}a}, Andrej and {Quinn}, Samuel N. and {Ragozzine}, Darin and {Short}, Donald R. and {Torres}, Guillermo and {Winn}, Joshua N. and {Doyle}, Laurance R. and {Barclay}, Thomas and {Batalha}, Natalie and {Bloemen}, Steven and {Brugamyer}, Erik and {Buchhave}, Lars A. and {Caldwell}, Caroline and {Caldwell}, Douglas A. and {Christiansen}, Jessie L. and {Ciardi}, David R. and {Cochran}, William D. and {Endl}, Michael and {Fortney}, Jonathan J. and {Gautier}, Thomas N., III and {Gilliland}, Ronald L. and {Haas}, Michael R. and {Hall}, Jennifer R. and {Holman}, Matthew J. and {Howard}, Andrew W. and {Howell}, Steve B. and {Isaacson}, Howard and {Jenkins}, Jon M. and {Klaus}, Todd C. and {Latham}, David W. and {Li}, Jie and {Marcy}, Geoffrey W. and {Mazeh}, Tsevi and {Quintana}, Elisa V. and {Robertson}, Paul and {Shporer}, Avi and {Steffen}, Jason H. and {Windmiller}, Gur and {Koch}, David G. and {Borucki}, William J.},
        title = "{Transiting circumbinary planets Kepler-34 b and Kepler-35 b}",
      journal = {\nat},
     keywords = {Astrophysics - Earth and Planetary Astrophysics, Astrophysics - Solar and Stellar Astrophysics},
         year = 2012,
        month = jan,
       volume = {481},
       number = {7382},
        pages = {475-479},
          doi = {10.1038/nature10768},
archivePrefix = {arXiv},
       eprint = {1204.3955},
 primaryClass = {astro-ph.EP},
       adsurl = {https://ui.adsabs.harvard.edu/abs/2012Natur.481..475W},
      adsnote = {Provided by the SAO/NASA Astrophysics Data System}
}
@ARTICLE{2023ApJ...957L..28M,
       author = {{Martin}, Rebecca G. and {Lubow}, Stephen H. and {Vallet}, David and {Anugu}, Narsireddy and {Gies}, Douglas R.},
        title = "{AC Her: Evidence of the First Polar Circumbinary Planet}",
      journal = {\apjl},
     keywords = {Accretion, Binary stars, Hydrodynamics, Exoplanet formation, Post-asymptotic giant branch stars, 14, 154, 1963, 492, 2121, Astrophysics - Earth and Planetary Astrophysics, Astrophysics - Solar and Stellar Astrophysics},
         year = 2023,
        month = nov,
       volume = {957},
       number = {2},
          eid = {L28},
        pages = {L28},
          doi = {10.3847/2041-8213/ad0730},
archivePrefix = {arXiv},
       eprint = {2310.19600},
 primaryClass = {astro-ph.EP},
       adsurl = {https://ui.adsabs.harvard.edu/abs/2023ApJ...957L..28M},
      adsnote = {Provided by the SAO/NASA Astrophysics Data System}
}



